@inproceedings{sundararajan2017axiomatic, 
  title={Axiomatic attribution for deep networks},
  author={Sundararajan, Mukund and Taly, Ankur and Yan, Qiqi},
  booktitle={International conference on machine learning},
  pages={3319--3328},
  year={2017},
  organization={PMLR}
}

@inproceedings{ribeiro2016should,
  title={" Why should i trust you?" Explaining the predictions of any classifier},
  author={Ribeiro, Marco Tulio and Singh, Sameer and Guestrin, Carlos},
  booktitle={Proceedings of the 22nd ACM SIGKDD international conference on knowledge discovery and data mining},
  pages={1135--1144},
  year={2016}
}

@online{limepackage,
    title     = "Lime python package",
    url       = "https://lime-ml.readthedocs.io/en/latest/index.html"
}

@online{captum,
    title     = "Captum: Model Interpretability for PyTorch",
    url       = "https://captum.ai/"
}